@inproceedings{msr17challenge,
	title={TravisTorrent: Synthesizing Travis CI and GitHub for Full-Stack Research on Continuous Integration},
	author={Beller, Moritz and Gousios, Georgios and Zaidman, Andy},
	booktitle={Proceedings of the 14th working conference on mining software repositories},
	preprint={http://www.st.ewi.tudelft.nl/~mbeller/publications/2017_beller_gousios_zaidman_travistorrent_synthesizing_travis_ci_and_github_for_full-stack_research_on_continuous_integration.pdf},
	year={2017}
}

@INPROCEEDINGS{CIDelay, 
author={N. Kerzazi and F. Khomh and B. Adams}, 
booktitle={2014 IEEE International Conference on Software Maintenance and Evolution}, 
title={Why Do Automated Builds Break? An Empirical Study}, 
year={2014}, 
volume={}, 
number={}, 
pages={41-50}, 
keywords={error detection;program testing;software quality;automated build systems;build breakage;build failures;integration error detection;software company;software quality;Collaboration;Companies;Context;Interviews;Software;Statistical analysis;Automated Builds;Data Mining;Empirical Software Engineering;Software Quality}, 
doi={10.1109/ICSME.2014.26}, 
ISSN={1063-6773}, 
month={Sept},}

@INPROCEEDINGS{cascade, 
	author={A. Ni and M. Li}, 
	booktitle={2017 IEEE/ACM 14th International Conference on Mining Software Repositories (MSR)}, 
	title={Cost-Effective Build Outcome Prediction Using Cascaded Classifiers}, 
	year={2017}, 
	volume={}, 
	number={}, 
	pages={455-458}, 
	keywords={integrated software;pattern classification;program diagnostics;software development management;cascaded classifiers;continuous integration;cost-effective build outcome prediction;defective builds;failed instances;server workload;software developers;waiting time;Data mining;Feature extraction;History;Mathematical model;Prediction algorithms;Servers;Training;continuous integration;cost-sensitive learning;ensemble learning;software engineering;software mining}, 
	doi={10.1109/MSR.2017.26}, 
	ISSN={}, 
	month={May},}

@inproceedings{treeTimes,
	author = {Hassan, Ahmed E. and Zhang, Ken},
	title = {Using Decision Trees to Predict the Certification Result of a Build},
	booktitle = {Proceedings of the 21st IEEE/ACM International Conference on Automated Software Engineering},
	series = {ASE '06},
	year = {2006},
	isbn = {0-7695-2579-2},
	pages = {189--198},
	numpages = {10},
	url = {http://dx.doi.org/10.1109/ASE.2006.72},
	doi = {10.1109/ASE.2006.72},
	acmid = {1169318},
	publisher = {IEEE Computer Society},
	address = {Washington, DC, USA},
} 

@INPROCEEDINGS{correlation,
	author={M. R. Islam and M. F. Zibran},
	booktitle={2017 IEEE/ACM 14th International Conference on Mining Software Repositories (MSR)},
	title={Insights into Continuous Integration Build Failures},
	year={2017},
	volume={},
	number={},
	pages={467-470},
	keywords={integrated software;public domain software;software engineering;system recovery;broken builds;continuous integration build failures;open-source projects;software engineering;software systems;Complexity theory;Electronic mail;Open source software;Software engineering;Statistical analysis;Tools},
	doi={10.1109/MSR.2017.30},
	ISSN={},
	month={May},}

@article{adam,
	author    = {Diederik P. Kingma and
	Jimmy Ba},
	title     = {Adam: {A} Method for Stochastic Optimization},
	journal   = {CoRR},
	volume    = {abs/1412.6980},
	year      = {2014},
	url       = {http://arxiv.org/abs/1412.6980},
	archivePrefix = {arXiv},
	eprint    = {1412.6980},
	timestamp = {Wed, 07 Jun 2017 14:40:52 +0200},
	biburl    = {http://dblp.org/rec/bib/journals/corr/KingmaB14},
	bibsource = {dblp computer science bibliography, http://dblp.org}
}